% This file was created with Citavi 5.7.0.0

@article{Bristeau.2011,
 author = {Bristeau, Pierre-Jean and Callou, Fran{\c{c}}ois and Vissi{\`e}re, David and Petit, Nicolas},
 year = {2011},
 title = {The Navigation and Control technology inside the AR.Drone micro UAV},
 pages = {1477--1484},
 volume = {44},
 number = {1},
 issn = {14746670},
 journal = {IFAC Proceedings Volumes},
 doi = {10.3182/20110828-6-IT-1002.02327}
}


@inproceedings{Chen.2016,
 author = {Chen, Aoxia and Sen, Pankaj K.},
 title = {Advancement in battery technology: A state-of-the-art review},
 pages = {1--10},
 publisher = {IEEE},
 isbn = {978-1-4799-8397-1},
 editor = {IEEE},
 booktitle = {2016 IEEE Industry Applications Society Annual Meeting},
 year = {2016},
 doi = {10.1109/IAS.2016.7731812}
}


@inproceedings{Hsieh.1999,
 author = {Hsieh, Guan-Chyun and Chen, Liang-Rui and Huang, Kuo-Shun},
 title = {Fuzzy-controlled active state-of-charge controller for fasting the charging behavior of Li-ion battery},
 pages = {400--405},
 publisher = {IEEE},
 isbn = {0-7803-5735-3},
 editor = {IECON},
 booktitle = {IECON'99. Conference Proceedings. 25th Annual Conference of the IEEE Industrial Electronics Society (Cat. No.99CH37029)},
 year = {1999},
 doi = {10.1109/IECON.1999.822231}
}


@book{ICAO.2011,
 author = {ICAO},
 year = {2011},
 title = {Unmanned aircraft systems: (UAS)},
 address = {Montr{\'e}al},
 volume = {328},
 publisher = {{International Civil Aviation Organization}},
 isbn = {978-92-9231-751-5},
 series = {ICAO circular}
}


@proceedings{IECON.1999,
 year = {1999},
 title = {IECON'99. Conference Proceedings. 25th Annual Conference of the IEEE Industrial Electronics Society (Cat. No.99CH37029)},
 publisher = {IEEE},
 isbn = {0-7803-5735-3},
 editor = {IECON}
}


@proceedings{IEEE.2010,
 year = {2010},
 title = {2010 IEEE 72nd Vehicular Technology Conference - Fall},
 publisher = {IEEE},
 isbn = {978-1-4244-3573-9},
 editor = {IEEE}
}


@proceedings{IEEE.2016,
 year = {2016},
 title = {2016 IEEE Industry Applications Society Annual Meeting},
 publisher = {IEEE},
 isbn = {978-1-4799-8397-1},
 editor = {IEEE}
}


@article{Vazquez.2010,
 author = {Vazquez, Sergio and Lukic, Srdjan M. and Galvan, Eduardo and Franquelo, Leopoldo G. and Carrasco, Juan M.},
 year = {2010},
 title = {Energy Storage Systems for Transport and Grid Applications},
 pages = {3881--3895},
 volume = {57},
 number = {12},
 issn = {0278-0046},
 journal = {IEEE Transactions on Industrial Electronics},
 doi = {10.1109/TIE.2010.2076414}
}


@inproceedings{Yan.2010,
 author = {Yan, Jingyu and Xu, Guoqing and Qian, Huihuan and Xu, Yangsheng},
 title = {Battery Fast Charging Strategy Based on Model Predictive Control},
 pages = {1--8},
 publisher = {IEEE},
 isbn = {978-1-4244-3573-9},
 editor = {IEEE},
 booktitle = {2010 IEEE 72nd Vehicular Technology Conference - Fall},
 year = {2010},
 doi = {10.1109/VETECF.2010.5594382}
}


